<?xml version="1.0" encoding="UTF-8"?><collection xmlns="http://www.loc.gov/MARC21/slim"><record><leader>00416nam--2200133-i-4500</leader><controlfield tag="001">000023000</controlfield><controlfield tag="002">20161230</controlfield><controlfield tag="005">20161230201034</controlfield><controlfield tag="008">060222s1000------------r-----000-0-eng-d</controlfield><datafield ind1=" " ind2=" " tag="080"><subfield code="a">681.3.06</subfield></datafield><datafield ind1=" " ind2=" " tag="100"><subfield code="a">James, M.L., Smith, G.M.And Wolford, J.C</subfield></datafield><datafield ind1=" " ind2=" " tag="245"><subfield code="a">Applied numerical methods for digital computation with fortran</subfield></datafield><datafield ind1=" " ind2=" " tag="260"><subfield code="a">Scanton, Pennsylvania, International Textbook Co., 1967, Ix + 514 P</subfield></datafield><datafield ind1=" " ind2=" " tag="852"><subfield code="a">33394</subfield></datafield></record></collection>